<?xml version="1.0" encoding="UTF-8"?><collection xmlns="http://www.loc.gov/MARC21/slim"><record><leader>00427nam--2200145-i-4500</leader><controlfield tag="001">000013325</controlfield><controlfield tag="002">20161230</controlfield><controlfield tag="005">20161230201030</controlfield><controlfield tag="008">060222s1000------------r-----000-0-eng-d</controlfield><datafield ind1=" " ind2=" " tag="080"><subfield code="a">510.223(043)</subfield></datafield><datafield ind1=" " ind2=" " tag="100"><subfield code="a">Chuaqui, Rolando</subfield></datafield><datafield ind1=" " ind2=" " tag="245"><subfield code="a">Internal and forcing models for the impredicat ive theory of classes</subfield></datafield><datafield ind1=" " ind2=" " tag="260"><subfield code="a">Warszawa, Polska Akademia Nauk, 1980. 67 P</subfield></datafield><datafield ind1=" " ind2=" " tag="490"><subfield code="a">Dissertationes Mathematicae Clxxvi</subfield></datafield><datafield ind1=" " ind2=" " tag="852"><subfield code="a">7385</subfield></datafield></record></collection>